@article{jacobson1993,

}

@article{bardoczySpousal,

}

@article{gravesUrisk,

}

@article{huckfeldtUscar,

}


@article{absrSSJ,

}
